@article{Aleksandrov2020,
doi = {10.1088/1748-0221/15/07/p07025},
year = 2020,
publisher = {{IOP} Publishing},
volume = {15},
pages = {P07025--P07025},
author = {A. Aleksandrov and S. Cousineau and K. Ruisard},
title = {Understanding beam distributions in hadron linacs in the presence of space charge},
journal = {J. Instrum.},
}
@article{Aleksandrov2021,
    title = {First measurement of a 2.5Â {MeV} {RFQ} output emittance with 1 part-per-million dynamic range},
    journal = {Nucl. Instrum. Methods Phys. Res., Sect. A},
    volume = {987},
    pages = {164829},
    year = {2021},
    issn = {0168-9002},
    author = {A. Aleksandrov and S. Cousineau and K. Ruisard and A. Zhukov},
    doi = {10.1016/j.nima.2020.164829}
}
@article{Allen2002,
    title = {Beam-Halo Measurements in High-Current Proton Beams},
    author = {Allen, C. K. and Chan, K. C. D. and Colestock, P. L. and Crandall, K. R. and Garnett, R. W. and Gilpatrick, J. D. and Lysenko, W. and Qiang, J. and Schneider, J. D. and Schulze, M. E. and Sheffield, R. L. and Smith, H. V. and Wangler, T. P.},
    journal = {Phys. Rev. Lett.},
    volume = {89},
    pages = {214802},
    numpages = {4},
    year = {2002},
    month = {Nov},
    publisher = {American Physical Society},
    doi = {10.1103/PhysRevLett.89.214802},
}
@article{Batygin2021,
    title={Chaotic dynamics driven by particle-core interactions},
    author={Konstantin Batygin and Yuri Konstantinovich Batygin},
    journal={Phys. Plasma},
    year={2021},
    volume={28},
    pages = {093104},
    doi = {10.1063/5.0056306}
}
@article{Cathey2018,
    title = {First Six Dimensional Phase Space Measurement of an Accelerator Beam},
    author = {Cathey, Brandon and Cousineau, Sarah and Aleksandrov, Alexander and Zhukov, Alexander},
    journal = {Phys. Rev. Lett.},
    volume = {121},
    pages = {064804},
    numpages = {5},
    year = {2018},
    month = {Aug},
    publisher = {American Physical Society},
    doi = {10.1103/PhysRevLett.121.064804},
}
@article{Dropulic2021,
	doi = {10.3847/2041-8213/ac09ef},
	year = 2021,
	month = {jul},
	publisher = {American Astronomical Society},
	volume = {915},
	pages = {L14},
	author = {Adriana Dropulic and Bryan Ostdiek and Laura J. Chang and Hongwan Liu and Timothy Cohen and Mariangela Lisanti},
	title = {Machine Learning the Sixth Dimension: Stellar Radial Velocities from 5D Phase-space Correlations},
	journal = {Astrophys. J. Lett.},
}
@article{Groening2008,
    title = {Benchmarking of measurement and simulation of transverse rms-emittance growth},
    author = {Groening, L. and Barth, W. and Bayer, W. and Clemente, G. and Dahl, L. and Forck, P. and Gerhard, P. and Hofmann, I. and Riehl, G. and Yaramyshev, S. and Jeon, D. and Uriot, D.},
    journal = {Phys. Rev. ST Accel. Beams},
    volume = {11},
    pages = {094201},
    numpages = {16},
    year = {2008},
    month = {Sep},
    publisher = {American Physical Society},
    doi = {10.1103/PhysRevSTAB.11.094201},
}
@article{Henderson2014,
    title = {The {S}pallation {N}eutron {S}ource accelerator system design},
    journal = {Nucl. Instrum. Methods Phys. Res., Sect. A},
    volume = {763},
    pages = {610-673},
    year = {2014},
    issn = {0168-9002},
    doi = {10.1016/j.nima.2014.03.067},
    author = {S. Henderson and others},
}
@article{Qiang2002,
  title = {Macroparticle simulation studies of a proton beam halo experiment},
  author = {Qiang, J. and Colestock, P. L. and Gilpatrick, D. and Smith, H. V. and Wangler, T. P. and Schulze, M. E.},
  journal = {Phys. Rev. ST Accel. Beams},
  volume = {5},
  pages = {124201},
  numpages = {13},
  year = {2002},
  month = {Dec},
  publisher = {American Physical Society},
  doi = {10.1103/PhysRevSTAB.5.124201},
}
@article{Ruisard2020,
    title = {High dimensional characterization of the longitudinal phase space formed in a radio frequency quadrupole},
    author = {Ruisard, K. and Aleksandrov, A. and Cousineau, S. and Tzoganis, V. and Zhukov, A.},
    journal = {Phys. Rev. Accel. Beams},
    volume = {23},
    pages = {124201},
    numpages = {16},
    year = {2020},
    month = {Dec},
    publisher = {American Physical Society},
    doi = {10.1103/PhysRevAccelBeams.23.124201},
}
@article{Ruisard2021-hollow,
    title = {Rapid charge redistribution leading to core hollowing in a high-intensity ion beam},
    author = {Ruisard, K. and Aleksandrov, A.},
    journal = {Phys. Rev. Accel. Beams},
    volume = {24},
    pages = {014201},
    numpages = {8},
    year = {2021},
    month = {Jan},
    publisher = {American Physical Society},
    doi = {10.1103/PhysRevAccelBeams.24.014201},
}
@inproceedings{Ruisard2021-IPAC,
    author = {K. J. Ruisard and others},
    title = {{Beyond RMS: Understanding the Evolution of Beam Distributions in High Intensity Linacs}},
    booktitle = {Proc. IPAC'21},
    pages = {3681--3685},
    paper = {THXA01},
    venue = {Campinas, Brazil, May 2021},
    publisher = {JACoW Publishing, Geneva, Switzerland},
    doi = {10.18429/JACoW-IPAC2021-THXA01},
    url = {https://jacow.org/ipac2021/papers/THXA01.pdf},
    language = {english}
}
@unpublished{Ruisard2022-NAPAC,
author = {K. J. Ruisard and A. V. Aleksandrov and S. M. Cousineau and A. M. Hoover and A. P. Zhukov},
title = {{Model/Measurement Comparison of the Transverse Phase Space Distribution of an RFQ-Generated Bunch at the SNS BTF}},
paper = {WEYE5},
%venue = {Albuquerque, New Mexico, USA, Aug. 2022},
%intype = {presented at the},
publisher = {JACoW Publishing, Geneva, Switzerland},
note = {presented at NAPAC'22, Albuquerque, NM, USA, Aug. 2022, paper WEYE5, this conference},
language = {english}
}
@article{Skilling1984,
    author = {Skilling, J. and Bryan, R. K.},
    title = {Maximum entropy image reconstruction: general algorithm},
    journal = {Mon. Not. R. Astron. Soc.},
    volume = {211},
    pages = {111},
    year = {1984},
    doi = {10.1093/mnras/211.1.111},
}
@article{Zhang2020,
    title = {Design and commissioning of the {B}eam {T}est {F}acility at the {S}pallation {N}eutron {S}ource},
    journal = {Nucl. Instrum. Methods Phys. Res., Sect. A},
    volume = {949},
    pages = {162826},
    year = {2020},
    issn = {0168-9002},
    author = {Z. Zhang and S. Cousineau and A. Aleksandrov and A. Menshov and A. Zhukov},
    doi = {10.1016/j.nima.2019.162826}
}