@article{Aleksandrov2020,
	doi = {10.1088/1748-0221/15/07/p07025},
	url = {https://doi.org/10.1088/1748-0221/15/07/p07025},
	year = 2020,
	month = {jul},
	publisher = {{IOP} Publishing},
	volume = {15},
	number = {07},
	pages = {P07025--P07025},
	author = {A. Aleksandrov and S. Cousineau and K. Ruisard},
	title = {Understanding beam distributions in hadron linacs in the presence of space charge},
	journal = {Journal of Instrumentation},
}
@article{Aleksandrov2021,
    title = {First measurement of a 2.5Â MeV RFQ output emittance with 1 part-per-million dynamic range},
    journal = {Nuclear Instruments and Methods in Physics Research Section A: Accelerators, Spectrometers, Detectors and Associated Equipment},
    volume = {987},
    pages = {164829},
    year = {2021},
    issn = {0168-9002},
    doi = {https://doi.org/10.1016/j.nima.2020.164829},
    url = {https://www.sciencedirect.com/science/article/pii/S0168900220312262},
    author = {A. Aleksandrov and S. Cousineau and K. Ruisard and A. Zhukov},
}
@article{Allen2002,
    title = {Beam-Halo Measurements in High-Current Proton Beams},
    author = {Allen, C. K. and Chan, K. C. D. and Colestock, P. L. and Crandall, K. R. and Garnett, R. W. and Gilpatrick, J. D. and Lysenko, W. and Qiang, J. and Schneider, J. D. and Schulze, M. E. and Sheffield, R. L. and Smith, H. V. and Wangler, T. P.},
    journal = {Phys. Rev. Lett.},
    volume = {89},
    issue = {21},
    pages = {214802},
    numpages = {4},
    year = {2002},
    month = {Nov},
    publisher = {American Physical Society},
    doi = {10.1103/PhysRevLett.89.214802},
    url = {https://link.aps.org/doi/10.1103/PhysRevLett.89.214802}
}
@article{Batygin2021,
    title={Chaotic dynamics driven by particle-core interactions},
    author={Konstantin Batygin and Yuri Konstantinovich Batygin},
    journal={Physics of Plasmas},
    year={2021}
}
@article{Cathey2018,
    title = {First Six Dimensional Phase Space Measurement of an Accelerator Beam},
    author = {Cathey, Brandon and Cousineau, Sarah and Aleksandrov, Alexander and Zhukov, Alexander},
    journal = {Phys. Rev. Lett.},
    volume = {121},
    issue = {6},
    pages = {064804},
    numpages = {5},
    year = {2018},
    month = {Aug},
    publisher = {American Physical Society},
    doi = {10.1103/PhysRevLett.121.064804},
    url = {https://link.aps.org/doi/10.1103/PhysRevLett.121.064804}
}
@article{Dropulic2021,
	doi = {10.3847/2041-8213/ac09ef},
	url = {https://doi.org/10.3847/2041-8213/ac09ef},
	year = 2021,
	month = {jul},
	publisher = {American Astronomical Society},
	volume = {915},
	number = {1},
	pages = {L14},
	author = {Adriana Dropulic and Bryan Ostdiek and Laura J. Chang and Hongwan Liu and Timothy Cohen and Mariangela Lisanti},
	title = {Machine Learning the Sixth Dimension: Stellar Radial Velocities from 5D Phase-space Correlations},
	journal = {The Astrophysical Journal Letters},
}
@article{Groening2008,
    title = {Benchmarking of measurement and simulation of transverse rms-emittance growth},
    author = {Groening, L. and Barth, W. and Bayer, W. and Clemente, G. and Dahl, L. and Forck, P. and Gerhard, P. and Hofmann, I. and Riehl, G. and Yaramyshev, S. and Jeon, D. and Uriot, D.},
    journal = {Phys. Rev. ST Accel. Beams},
    volume = {11},
    issue = {9},
    pages = {094201},
    numpages = {16},
    year = {2008},
    month = {Sep},
    publisher = {American Physical Society},
    doi = {10.1103/PhysRevSTAB.11.094201},
    url = {https://link.aps.org/doi/10.1103/PhysRevSTAB.11.094201}
}
@article{Henderson2014,
    title = {The Spallation Neutron Source accelerator system design},
    journal = {Nuclear Instruments and Methods in Physics Research Section A: Accelerators, Spectrometers, Detectors and Associated Equipment},
    volume = {763},
    pages = {610-673},
    year = {2014},
    issn = {0168-9002},
    doi = {https://doi.org/10.1016/j.nima.2014.03.067},
    url = {https://www.sciencedirect.com/science/article/pii/S0168900214003817},
    author = {S. Henderson and others},
}
@article{Qiang2002,
  title = {Macroparticle simulation studies of a proton beam halo experiment},
  author = {Qiang, J. and Colestock, P. L. and Gilpatrick, D. and Smith, H. V. and Wangler, T. P. and Schulze, M. E.},
  journal = {Phys. Rev. ST Accel. Beams},
  volume = {5},
  issue = {12},
  pages = {124201},
  numpages = {13},
  year = {2002},
  month = {Dec},
  publisher = {American Physical Society},
  doi = {10.1103/PhysRevSTAB.5.124201},
  url = {https://link.aps.org/doi/10.1103/PhysRevSTAB.5.124201}
}
@article{Ruisard2020,
    title = {High dimensional characterization of the longitudinal phase space formed in a radio frequency quadrupole},
    author = {Ruisard, K. and Aleksandrov, A. and Cousineau, S. and Tzoganis, V. and Zhukov, A.},
    journal = {Phys. Rev. Accel. Beams},
    volume = {23},
    issue = {12},
    pages = {124201},
    numpages = {16},
    year = {2020},
    month = {Dec},
    publisher = {American Physical Society},
    doi = {10.1103/PhysRevAccelBeams.23.124201},
    url = {https://link.aps.org/doi/10.1103/PhysRevAccelBeams.23.124201}
}
@article{Ruisard2021-hollow,
    title = {Rapid charge redistribution leading to core hollowing in a high-intensity ion beam},
    author = {Ruisard, K. and Aleksandrov, A.},
    journal = {Phys. Rev. Accel. Beams},
    volume = {24},
    issue = {1},
    pages = {014201},
    numpages = {8},
    year = {2021},
    month = {Jan},
    publisher = {American Physical Society},
    doi = {10.1103/PhysRevAccelBeams.24.014201},
    url = {https://link.aps.org/doi/10.1103/PhysRevAccelBeams.24.014201}
}
@inproceedings{Ruisard2021-IPAC,
  author       = {K.J. Ruisard and A.V. Aleksandrov and S.M. Cousineau and A.P. Shishlo and A.P. Zhukov},
  title        = {{Beyond RMS: Understanding the Evolution of Beam Distributions in High Intensity Linacs}},
  booktitle    = {Proc. IPAC'21},
  pages        = {3681--3685},
  eid          = {THXA01},
  language     = {english},
  keywords     = {simulation, rfq, quadrupole, MEBT, space-charge},
  venue        = {Campinas, SP, Brazil},
  series       = {International Particle Accelerator Conference},
  number       = {12},
  publisher    = {JACoW Publishing, Geneva, Switzerland},
  month        = {08},
  year         = {2021},
  issn         = {2673-5490},
  isbn         = {978-3-95450-214-1},
  doi          = {10.18429/JACoW-IPAC2021-THXA01},
  url          = {https://jacow.org/ipac2021/papers/thxa01.pdf},
  note         = {https://doi.org/10.18429/JACoW-IPAC2021-THXA01},
}
@article{Skilling1984,
    author = {Skilling, J. and Bryan, R. K.},
    title = {Maximum entropy image reconstruction: general algorithm},
    journal = {Monthly Notices of the Royal Astronomical Society},
    volume = {211},
    number = {1},
    pages = {111-124},
    year = {1984},
    month = {11},
    issn = {0035-8711},
    doi = {10.1093/mnras/211.1.111},
    url = {https://doi.org/10.1093/mnras/211.1.111},
}
@article{Zhang2020,
    title = {Design and commissioning of the Beam Test Facility at the Spallation Neutron Source},
    journal = {Nuclear Instruments and Methods in Physics Research Section A: Accelerators, Spectrometers, Detectors and Associated Equipment},
    volume = {949},
    pages = {162826},
    year = {2020},
    issn = {0168-9002},
    doi = {https://doi.org/10.1016/j.nima.2019.162826},
    url = {https://www.sciencedirect.com/science/article/pii/S016890021931263X},
    author = {Z. Zhang and S. Cousineau and A. Aleksandrov and A. Menshov and A. Zhukov},
    keywords = {SNS, Beam test facility, High intensity hadron beam, Beam halo, High dynamic range beam instrumentation},
}